@article{orair_investimento_2016,
	title = {{INVESTIMENTO} {PÚBLICO} {NO} {BRASIL}: {TRAJETÓRIA} {E} {RELAÇÕES} {COM} {O} {REGIME} {FISCAL}},
	language = {pt},
	author = {Orair, Rodrigo Octávio},
	pages = {44},
	year = {2016}
}
