@article{Santanna_threat_2020,
	title = {The {Threat} of {Communism} during the {Cold} {War}: {A} {Constraint} to {Income} {Inequality}?},
	volume = {52},
	issn = {0010-4159},
	shorttitle = {The {Threat} of {Communism} during the {Cold} {War}},
	url = {https://www.ingentaconnect.com/content/10.5129/001041519X15615651139989},
	doi = {10.5129/001041519X15615651139989},
	language = {en},
	number = {3},
	urldate = {2020-10-08},
	journal = {Comparative Politics},
	author = {Sant'Anna, And≈ïe Albuquerque and Weller, Leonardo},
	month = apr,
	year = {2020},
	pages = {359--393}
}
