@Article{Le_Heron_2008,
  author          = {Le Heron, Edwin and Mouakil, Tarik},
  title           = {A POST-KEYNESIAN STOCK-FLOW CONSISTENT MODEL FOR DYNAMIC
                  ANALYSIS OF MONETARY POLICY SHOCK ON BANKING BEHAVIOUR},
  year            = 2008,
  volume          = 59,
  number          = 3,
  month           = {Jul},
  pages           = {405–440},
  issn            = {1467-999X},
  doi             = {10.1111/j.1467-999x.2008.00313.x},
  url             = {http://dx.doi.org/10.1111/j.1467-999X.2008.00313.x},
  journal         = {Metroeconomica},
  publisher       = {Wiley}
}

@Article{Lima_2006,
  author          = {Lima, G. T. and Meirelles, A. J. A.},
  title           = {Macrodynamics of debt regimes, financial instability and
                  growth},
  year            = 2006,
  volume          = 31,
  number          = 4,
  month           = {Nov},
  pages           = {563–580},
  issn            = {1464-3545},
  doi             = {10.1093/cje/bel042},
  url             = {http://dx.doi.org/10.1093/cje/bel042},
  journal         = {Cambridge Journal of Economics},
  publisher       = {Oxford University Press (OUP)}
}

@Article{Nishi_2012,
  author          = {Nishi, Hiroshi},
  title           = {A DYNAMIC ANALYSIS OF DEBT-LED AND DEBT-BURDENED GROWTH
                  REGIMES WITH MINSKIAN FINANCIAL STRUCTURE},
  year            = 2012,
  volume          = 63,
  number          = 4,
  month           = {Mar},
  pages           = {634–660},
  issn            = {0026-1386},
  doi             = {10.1111/j.1467-999x.2012.04158.x},
  url             = {http://dx.doi.org/10.1111/j.1467-999X.2012.04158.x},
  journal         = {Metroeconomica},
  publisher       = {Wiley}
}

@Article{Taylor_1985,
  author          = {Taylor, L. and O'Connell, S. A.},
  title           = {A Minsky Crisis},
  year            = 1985,
  volume          = 100,
  number          = {Supplement},
  month           = {Jan},
  pages           = {871–885},
  issn            = {1531-4650},
  doi             = {10.1093/qje/100.supplement.871},
  url             = {http://dx.doi.org/10.1093/qje/100.Supplement.871},
  journal         = {The Quarterly Journal of Economics},
  publisher       = {Oxford University Press (OUP)}
}

@Article{Toporowski_2008,
  author          = {Toporowski, J.},
  title           = {Minsky’s “induced investment and business cycles”},
  year            = 2008,
  volume          = 32,
  number          = 5,
  month           = {Jan},
  pages           = {725–737},
  issn            = {1464-3545},
  doi             = {10.1093/cje/bem059},
  url             = {http://dx.doi.org/10.1093/cje/bem059},
  journal         = {Cambridge Journal of Economics},
  publisher       = {Oxford University Press (OUP)}
}

@Incollection{Lavoie,
  author          = {Lavoie, Marc and Seccareccia, Mario},
  title           = {Minsky’s financial fragility hypothesis: a missing
                  macroeconomic link?},
  doi             = {10.4337/9781781009758.00012},
  url             = {http://dx.doi.org/10.4337/9781781009758.00012},
  isbn            = 9781781009758,
  booktitle         = {Financial Fragility and Investment in the Capitalist
                  Economy},
  year            = 2001,
  publisher       = {Edward Elgar Publishing}
}
