@Article{SFC_ROKE_2021,
  author          = {Teixeira, Lucas and Petrini, Gabriel},
  title           = {Long-run effective demand and residential investment: a
                  Sraffian supermultiplier based analysis},
  journaltitle    = {Review of Keynesian Economics},
  date            = 2021,
  note            = {Submetido em 22 de Janeiro de 2021}
}

@article{petrini_TD,
  title           = {Long-run effective demand and residential investment: a
                  Sraffian supermultiplier based analysis},
  institution     = {Insituto de Economia - Unicamp},
  language        = {en},
  year            = 2021,
  address         = {Campinas},
  author          = {Teixeira, Lucas and Petrini, Gabriel},
  note            = {Texto para Discussão N. 404 (No prelo) [este artigo
                  encontra-se submetido a um periódico internacional de
                  destaque].}
}

@inproceedings{petrini_investimento_2019,
  address         = {Campinas},
  title           = {Investimento residencial em um modelo {Stock}-{Flow}
                  {Consistent} com supermultiplicador sraffiano},
  booktitle       = {{XII} {Encontro} {Internacional} da {AKB}},
  author          = {Petrini, Gabriel and Teixeira, Lucas},
  year            = 2019
}

@inproceedings{petrini_long_2019,
  address         = {Berlin},
  title           = {Long {Run} {Effective} {Demand}: {Introducing}
                  {Residential} {Investment} in a {Sraffian} {Supermultiplier}
                  {Stock}-{Flow} {Consistent} {Model}},
  language        = {en},
  booktitle       = {23th {Forum} for {Macroeconics} and {Macroeconomic}
                  {Policies}},
  author          = {Petrini, Gabriel and Teixeira, Lucas},
  year            = 2019
}

@inproceedings{petrini_long_2020,
  address         = {Boston},
  title           = {Long {Run} {Effective} {Demand}: {Introducing}
                  {Residential} {Investment} in a {Sraffian} {Supermultiplier}
                  {Stock}-{Flow} {Consistent} {Model}},
  language        = {en},
  booktitle       = {46th {Eastern} {Economic} {Association} {Conference}},
  author          = {Petrini, Gabriel and Teixeira, Lucas},
  year            = 2020
}

@techreport{cecon_corona,
  author      = {Bastos, Pedro Paulo Zaluth and {Gomes Jr.}, Luiz Celso and Dourado, Lorena Salces and Petrini, Gabriel and Robilloti, Paulo and Ibarra, Antônio},
  title       = {O impacto econômico da pandemia do Covid-19 e acontração do PIB no primeiro trimestre de 2020: não é culpada política de saúde pública},
  institution = {IE/Unicamp},
  year        = {2020},
  note = {Nota do Centro de Estudos de Conjuntura e Política Econômica (CECON) No. 14}
}

@techreport{cecon_atividade1,
  author      = {Bastos, Pedro Paulo Zaluth and Welle, Arthur and Petrini, Gabriel},
  title       = {Nota de Conjuntura: A contração do PIB no primeiro trimestre e o risco de recessão em 2019},
  institution = {IE/Unicamp},
  year        = {2019},
  note = {Nota do Centro de Estudos de Conjuntura e Política Econômica (CECON) No. 05}
}

@techreport{RPPS,
  author      = {Bastos, Pedro Paulo Zaluth and Welle, Arthur and Petrini, Gabriel},
  title       = {Parecer acerca das inconsistências na justificativa oficial da emanda constitucional N. 103/2019 para a reforma do Regime Próprio de Previdência Social (RPPS)},
  institution = {Unafisco Nacional},
  year        = {2019},
  note = {Mimeo}
}

@inproceedings{petrini_long_2020b,
  address         = {Bilbao},
  title           = {Long-run effective demand and residential investment: a
                  Sraffian supermultiplier based analysis},
  language        = {en},
  booktitle       = {32nd Annual EAEPE Conference},
  author          = {Petrini, Gabriel and Teixeira, Lucas},
  year            = 2020
}
