%% LaTeX2e file `refs.bib'
%% generated by the `filecontents' environment
%% from source `SumulaCurricular_202007' on 2020/07/10.
%%
@inproceedings{petrini_investimento_2019,
  address = {Campinas},
  title = {Investimento residencial em um modelo {Stock}-{Flow} {Consistent} com supermultiplicador sraffiano},
  booktitle = {{XII} {Encontro} {Internacional} da {AKB}},
  author = {Petrini, Gabriel and Teixeira, Lucas},
  year = {2019}
 }
 
@inproceedings{petrini_long_2020,
  address = {Boston},
  title = {Long {Run} {Effective} {Demand}: {Introducing} {Residential} {Investment} in a {Sraffian} {Supermultiplier} {Stock}-{Flow} {Consistent} {Model}},
  language = {en},
  booktitle = {46th {Eastern} {Economic} {Association} {Conference}},
  author = {Petrini, Gabriel and Teixeira, Lucas},
  year = {2020}
 }
 
@inproceedings{petrini_long_2019,
  address = {Berlin},
  title = {Long {Run} {Effective} {Demand}: {Introducing} {Residential} {Investment} in a {Sraffian} {Supermultiplier} {Stock}-{Flow} {Consistent} {Model}},
  language = {en},
  booktitle = {23th {Forum} for {Macroeconics} and {Macroeconomic} {Policies}},
  author = {Petrini, Gabriel and Teixeira, Lucas},
  year = {2019}
}
