











@Article{Macal_2010,
  author       = {Macal, C M and North, M J},
  title	       = {Tutorial on agent-based modelling and simulation},
  year	       = {2010},
  volume       = {4},
  number       = {3},
  month	       = {Sep},
  pages	       = {151–162},
  issn	       = {1747-7786},
  doi	       = {10.1057/jos.2010.3},
  url	       = {http://dx.doi.org/10.1057/jos.2010.3},
  journal      = {Journal of Simulation},
  publisher    = {Informa UK Limited}
}

@Article{Haldane_2018,
  author       = {Haldane, A G and Turrell, A E},
  title	       = {An interdisciplinary model for macroeconomics},
  year	       = {2018},
  volume       = {34},
  number       = {1-2},
  pages	       = {219–251},
  issn	       = {1460-2121},
  doi	       = {10.1093/oxrep/grx051},
  url	       = {http://dx.doi.org/10.1093/oxrep/grx051},
  journal      = {Oxford Review of Economic Policy},
  publisher    = {Oxford University Press (OUP)}
}

@Article{Tesfatsion_2017,
  author       = {Tesfatsion, Leigh},
  title	       = {Elements of Dynamic Economic Modeling: Presentation and Analysis},
  year	       = {2017,
  volume       = {43},
  number       = {2},
  month	       = {Feb},
  pages	       = {192–216},
  issn	       = {1939-4632},
  doi	       = {10.1057/eej.2016.2},
  url	       = {http://dx.doi.org/10.1057/eej.2016.2},
  journal      = {Eastern Economic Journal},
  publisher    = {Springer Science and Business Media LLC}
}

