@Article{Werner_book_2005,
  author       = {Werner, Richard A.},
  title	       = {New Paradigm in Macroeconomics},
  year	       = {2005},
  doi	       = {10.1057/9780230506077},
  url	       = {http://dx.doi.org/10.1057/9780230506077},
  publisher    = {Palgrave Macmillan UK}
}

@Article{Werner_mattered_2011,
  author       = {Rerner, Richard},
  title	       = {Economics as if banks mattered: a contribution based on the inductive methodology},
  year	       = {2011},
  volume       = {79},
  month	       = {Sep},
  pages	       = {25–35},
  issn	       = {1463-6786},
  doi	       = {10.1111/j.1467-9957.2011.02265_5.x},
  url	       = {http://dx.doi.org/10.1111/j.1467-9957.2011.02265_5.x},
  journal      = {The Manchester School},
  publisher    = {Wiley}
}

@Article{Werner_century_2016,
  author       = {Werner, Richard A.},
  title	       = {A lost century in economics: Three theories of
                  banking and the conclusive evidence},
  year	       = 2016,
  volume       = 46,
  month	       = {Jul},
  pages	       = {361–379},
  issn	       = {1057-5219},
  doi	       = {10.1016/j.irfa.2015.08.014},
  url	       = {http://dx.doi.org/10.1016/j.irfa.2015.08.014},
  journal      = {International Review of Financial Analysis},
  publisher    = {Elsevier BV}
}

@Article{Werner_land_1994,
  author       = {Werner, Richard A.},
  title	       = {Japanese Foreign Investment and the ``Land Bubble''},
  year	       = {1994},
  volume       = {2},
  number       = {2},
  month	       = {Jun},
  pages	       = {166–178},
  issn	       = {1467-9396},
  doi	       = {10.1111/j.1467-9396.1994.tb00038.x},
  url	       = {http://dx.doi.org/10.1111/j.1467-9396.1994.tb00038.x},
  journal      = {Review of International Economics},
  publisher    = {Wiley}
}

@Article{Jarrow_detect_2011,
  author       = {Jarrow, Robert and Kchia, Younes and Protter, Philip},
  title	       = {How to Detect an Asset Bubble},
  year	       = {2011},
  volume       = {2},
  number       = {1},
  month	       = {Jan},
  pages	       = {839–865},
  issn	       = {1945-497X},
  doi	       = {10.1137/10079673x},
  url	       = {http://dx.doi.org/10.1137/10079673X},
  journal      = {SIAM Journal on Financial Mathematics},
  publisher    = {Society for Industrial & Applied Mathematics (SIAM)}
}

@Article{Vogel_metrics_2015,
  author       = {Vogel, Harold L. and Werner, Richard A.},
  title	       = {An analytical review of volatility metrics for bubbles and crashes},
  year	       = {2015},
  volume       = {38},
  month	       = {Mar},
  pages	       = {15–28},
  issn	       = {1057-5219},
  doi	       = {10.1016/j.irfa.2014.11.003},
  url	       = {http://dx.doi.org/10.1016/j.irfa.2014.11.003},
  journal      = {International Review of Financial Analysis},
  publisher    = {Elsevier BV}
}
