@Book{1994,
  title	       = {Social Structures of Accumulation},
  year	       = 1994,
  month	       = {Aug},
  doi	       = {10.1017/cbo9780511559501},
  url	       = {http://dx.doi.org/10.1017/CBO9780511559501},
  isbn	       = 9780511559501,
  publisher    = {Cambridge University Press}
}

@Article{Green_International_2014,
  author       = {Green, Richard K.},
  year	       = {2014},
  title        = {International Comparisons of Mortgages},
  pages	       = {107–122},
  doi	       = {10.1016/b978-0-12-401743-6.00008-1},
  url	       = {http://dx.doi.org/10.1016/B978-0-12-401743-6.00008-1},
  journal      = {Introduction to Mortgages & Mortgage Backed Securities},
  publisher    = {Elsevier}
}

@Article{Green_Subprime_2014,
  author       = {Green, Richard K.},
  year	       = {2014},
  title        = {The Subprime Crisis},
  pages	       = {123–141},
  doi	       = {10.1016/b978-0-12-401743-6.00009-3},
  url	       = {http://dx.doi.org/10.1016/B978-0-12-401743-6.00009-3},
  journal      = {Introduction to Mortgages & Mortgage Backed Securities},
  publisher    = {Elsevier}
}

@Article{Green_Subprime_2014,
  author       = {Green, Richard K.},
  year	       = {2014},
  title        = {Consumers in Mortgage Markets},
  pages	       = {123–141},
  doi	       = {10.1016/b978-0-12-401743-6.00009-3},
  url	       = {http://dx.doi.org/10.1016/B978-0-12-401743-6.00009-3},
  journal      = {Introduction to Mortgages & Mortgage Backed Securities},
  publisher    = {Elsevier}
}

@Article{1991,
  title	       = {Housing Markets and Housing Institutions: An International Comparison},
  year	       = {1991},
  doi	       = {10.1007/978-94-011-3915-1},
  url	       = {http://dx.doi.org/10.1007/978-94-011-3915-1},
  publisher    = {Springer Netherlands}
}

@Article{Bengs_1991,
  author       = {Bengs, Christer and Loikkanen, Heikki A.},
  title	       = {The Finnish Housing Market: Structure, Institutions, and Policy Issues},
  year	       = {1991},
  pages	       = {63–112},
  doi	       = {10.1007/978-94-011-3915-1_3},
  url	       = {http://dx.doi.org/10.1007/978-94-011-3915-1_3},
  journal      = {Housing Markets and Housing Institutions: An International Comparison},
  publisher    = {Springer Netherlands}
}

@Article{Anas_Swedish_1991,
  author       = {Anas, Alex and Jirlow, Ulf and Hårsman, Björn and Snickars, Folke},
  title	       = {The Swedish Housing Market: Development and Institutional Setting},
  year	       = {1991},
  pages	       = {31–62},
  doi	       = {10.1007/978-94-011-3915-1_2},
  url	       = {http://dx.doi.org/10.1007/978-94-011-3915-1_2},
  journal      = {Housing Markets and Housing Institutions: An International Comparison},
  publisher    = {Springer Netherlands}
}

@Article{Harsman_Comparative_1991,
  author       = {Hårsman, Björn and Quigley, John M.},
  title	       = {Housing Markets and Housing Institutions in a Comparative Context},
  year	       = {1991},
  pages	       = {1–29},
  doi	       = {10.1007/978-94-011-3915-1_1},
  url	       = {http://dx.doi.org/10.1007/978-94-011-3915-1_1},
  journal      = {Housing Markets and Housing Institutions: An International Comparison},
  publisher    = {Springer Netherlands}
}



@Article{Dixon_Pension_2009,
  author       = {Dixon, Adam D. and Sorsa, Ville-Pekka},
  title	       = {Institutional Change and the Financialisation of Pensions in Europe},
  year	       = {2009},
  volume       = {13},
  number       = {4},
  month	       = {Dec},
  pages	       = {347–367},
  doi	       = {10.1179/102452909x12506915718111},
  url	       = {http://dx.doi.org/10.1179/102452909X12506915718111},
  journal      = {Competition & Change},
  publisher    = {SAGE Publications}
}

@Article{Ehrmann_2004,
  author       = {Ehrmann, Michael and Worms, Andreas},
  title	       = {Bank Networks and Monetary Policy Transmission},
  year	       = {2004},
  volume       = {2},
  number       = {6},
  month	       = {Dec},
  pages	       = {1148–1171},
  doi	       = {10.1162/1542476042813904},
  url	       = {http://dx.doi.org/10.1162/1542476042813904},
  journal      = {Journal of the European Economic Association},
  publisher    = {Oxford University Press (OUP)}
}

@Article{Sa_Inflows_2013,
  author       = {Sá, Filipa and Towbin, Pascal and Wieladek, Tomasz},
  title	       = {CAPITAL INFLOWS, FINANCIAL STRUCTURE AND HOUSING BOOMS},
  year	       = {2013},
  volume       = {12},
  number       = {2},
  month	       = {Dec},
  pages	       = {522–546},
  doi	       = {10.1111/jeea.12047},
  url	       = {http://dx.doi.org/10.1111/jeea.12047},
  journal      = {Journal of the European Economic Association},
  publisher    = {Oxford University Press (OUP)}
}

@Article{Hoffmann_2019,
  author       = {Hoffmann, Mathias and Stewen, Iryna},
  title	       = {Holes in the Dike: The Global Savings Glut, U.S. House Prices, and the Long Shadow of Banking Deregulation},
  year	       = {2019},
  volume       = {18},
  number       = {4},
  month	       = {Sep},
  pages	       = {2013–2055},
  doi	       = {10.1093/jeea/jvz045},
  url	       = {http://dx.doi.org/10.1093/jeea/jvz045},
  journal      = {Journal of the European Economic Association},
  publisher    = {Oxford University Press (OUP)}
}

@Article{Green_2010,
  author       = {Green, Richard K. and Wachter, Susan M.},
  title	       = {The Housing Finance Revolution},
  year	       = {2010},
  month	       = {Apr},
  pages	       = {414–445},
  doi	       = {10.1002/9781444317978.ch18},
  url	       = {http://dx.doi.org/10.1002/9781444317978.ch18},
  isbn	       = 9781405192156,
  journal      = {The Blackwell Companion to the Economics of Housing},
  publisher    = {Wiley-Blackwell}
}









@Article{Kohl_2020,
  author       = {Kohl, Sebastian},
  title	       = {Too much mortgage debt? The effect of housing financialization on housing supply and residential capital formation},
  year	       = {2020},
  month	       = {Sep},
  doi	       = {10.1093/ser/mwaa030},
  url	       = {http://dx.doi.org/10.1093/ser/mwaa030},
  journal      = {Socio-Economic Review},
  publisher    = {Oxford University Press (OUP)}
}



@Article{Green_Historical_2005,
  author       = {Green, Richard K and Wachter, Susan M},
  title	       = {The American Mortgage in Historical and International Context},
  year	       = {2005},
  volume       = {19},
  number       = {4},
  month	       = {Nov},
  pages	       = {93–114},
  doi	       = {10.1257/089533005775196660},
  url	       = {http://dx.doi.org/10.1257/089533005775196660},
  journal      = {Journal of Economic Perspectives},
  publisher    = {American Economic Association}
}

@Article{Englund_2016,
  author       = {Englund, Peter},
  title	       = {Milestones in Swedish Housing Finance},
  year	       = 2016,
  month	       = {Jan},
  pages	       = {375–391},
  doi	       = {10.1002/9781118929421.ch22},
  url	       = {http://dx.doi.org/10.1002/9781118929421.ch22},
  isbn	       = 9781118929452,
  journal      = {Milestones in European Housing Finance},
  publisher    = {John Wiley & Sons, Ltd}
}



@Article{Jord_Redux_2020,
  author       = {Jordà, Òscar and Richter, Björn and Schularick,
                  Moritz and Taylor, Alan M},
  title	       = {Bank Capital Redux: Solvency, Liquidity and Crisis},
  year	       = 2020,
  month	       = {Aug},
  issn	       = {1467-937X},
  doi	       = {10.1093/restud/rdaa040},
  url	       = {http://dx.doi.org/10.1093/restud/rdaa040},
  journal      = {The Review of Economic Studies},
  publisher    = {Oxford University Press (OUP)}
}

@Article{Greenwood_2013,
  author       = {Greenwood, Robin and Scharfstein, David},
  title	       = {The Growth of Finance},
  year	       = 2013,
  volume       = 27,
  number       = 2,
  month	       = {Feb},
  pages	       = {3–28},
  issn	       = {0895-3309},
  doi	       = {10.1257/jep.27.2.3},
  url	       = {http://dx.doi.org/10.1257/jep.27.2.3},
  journal      = {Journal of Economic Perspectives},
  publisher    = {American Economic Association}
}

@Article{Van_Gunten_2018,
  author       = {Van Gunten, Tod and Navot, Edo},
  title	       = {Varieties of indebtedness: Financialization and mortgage market institutions in Europe},
  year	       = {2018},
  volume       = {70},
  month	       = {Feb},
  pages	       = {90–106},
  doi	       = {10.1016/j.ssresearch.2017.11.005},
  url	       = {http://dx.doi.org/10.1016/j.ssresearch.2017.11.005},
  journal      = {Social Science Research},
  publisher    = {Elsevier BV}
}

@Article{Schwartz_2009,
  author       = {Schwartz, Herman M. and Seabrooke, Leonard},
  title	       = {Varieties of Residential Capitalism in the International Political Economy: Old Welfare States and the New Politics of Housing},
  year	       = {2009},
  pages	       = {1–27},
  doi	       = {10.1057/9780230280441_1},
  url	       = {http://dx.doi.org/10.1057/9780230280441_1},
  journal      = {The Politics of Housing Booms and Busts},
  publisher    = {Palgrave Macmillan UK}
}



@Article{Blackwell_2017,
  author       = {Blackwell, Timothy and Kohl, Sebastian},
  title	       = {The origins of national housing finance systems: a
                  comparative investigation into historical variations
                  in mortgage finance regimes},
  year	       = 2017,
  volume       = 25,
  number       = 1,
  month	       = {Dec},
  pages	       = {49–74},
  issn	       = {1466-4526},
  doi	       = {10.1080/09692290.2017.1403358},
  url	       = {http://dx.doi.org/10.1080/09692290.2017.1403358},
  journal      = {Review of International Political Economy},
  publisher    = {Informa UK Limited}
}



@Article{Jord__2019,
  author       = {Jordà, Òscar and Schularick, Moritz and Taylor,
                  Alan},
  title	       = {The Total Risk Premium Puzzle},
  year	       = 2019,
  month	       = {Mar},
  doi	       = {10.3386/w25653},
  url	       = {http://dx.doi.org/10.3386/w25653},
  publisher    = {National Bureau of Economic Research}
}

@Article{Jord_Betting_2015,
  author       = {Jordà, Òscar and Schularick, Moritz and Taylor, Alan
                  M.},
  title	       = {Betting the house},
  year	       = 2015,
  volume       = 96,
  month	       = {Jul},
  pages	       = {S2–S18},
  issn	       = {0022-1996},
  doi	       = {10.1016/j.jinteco.2014.12.011},
  url	       = {http://dx.doi.org/10.1016/j.jinteco.2014.12.011},
  journal      = {Journal of International Economics},
  publisher    = {Elsevier BV}
}

@Article{Knoll_2017,
  author       = {Knoll, Katharina and Schularick, Moritz and Steger,
                  Thomas},
  title	       = {No Price Like Home: Global House Prices, 1870–2012},
  year	       = 2017,
  volume       = 107,
  number       = 2,
  month	       = {Feb},
  pages	       = {331–353},
  issn	       = {0002-8282},
  doi	       = {10.1257/aer.20150501},
  url	       = {http://dx.doi.org/10.1257/aer.20150501},
  journal      = {American Economic Review},
  publisher    = {American Economic Association}
}

@Article{Wachter_bubbles_2015,
  author       = {Wachter, Susan},
  title	       = {The Housing and Credit Bubbles in the United States and Europe: A Comparison},
  year	       = {2015},
  volume       = {47},
  number       = {S1},
  month	       = {Mar},
  pages	       = {37–42},
  doi	       = {10.1111/jmcb.12188},
  url	       = {http://dx.doi.org/10.1111/jmcb.12188},
  journal      = {Journal of Money, Credit and Banking},
  publisher    = {Wiley}
}



@Article{Blancheton_2013,
  author       = {Blancheton, Bertrand and Bonin, Hubert and Le Bris,
                  David},
  title	       = {The French paradox: A financial crisis during the
                  golden age of the 1960s},
  year	       = 2013,
  volume       = 56,
  number       = 3,
  month	       = {Aug},
  pages	       = {391–413},
  issn	       = {1743-7938},
  doi	       = {10.1080/00076791.2013.800967},
  url	       = {http://dx.doi.org/10.1080/00076791.2013.800967},
  journal      = {Business History},
  publisher    = {Informa UK Limited}
}

@Article{Kohl_Financialization_2018,
  author       = {Kohl, Sebastian},
  title	       = {More Mortgages, More Homes? The Effect of Housing
                  Financialization on Homeownership in Historical
                  Perspective},
  year	       = 2018,
  volume       = 46,
  number       = 2,
  month	       = {Jan},
  pages	       = {177–203},
  issn	       = {1552-7514},
  doi	       = {10.1177/0032329218755750},
  url	       = {http://dx.doi.org/10.1177/0032329218755750},
  journal      = {Politics & Society},
  publisher    = {SAGE Publications}
}

@Article{Agnello_Cycle_2019,
  author       = {Agnello, Luca and Castro, Vitor and Sousa, Ricardo M.},
  title	       = {The Housing Cycle: What Role for Mortgage Market Development and Housing Finance?},
  year	       = {2019},
  volume       = {61},
  number       = {4},
  month	       = {Jun},
  pages	       = {607–670},
  doi	       = {10.1007/s11146-019-09705-z},
  url	       = {http://dx.doi.org/10.1007/s11146-019-09705-z},
  journal      = {The Journal of Real Estate Finance and Economics},
  publisher    = {Springer Science and Business Media LLC}
}

@Article{Andrews_OECD_2011,
  year	       = {2011},
  month	       = {Jan},
  issn	       = {1815-1973},
  doi	       = {10.1787/5kgk8t2k9vf3-en},
  url	       = {http://dx.doi.org/10.1787/5kgk8t2k9vf3-en},
  journal      = {OECD Economics Department Working Papers},
  publisher    = {Organisation for Economic Co-Operation and
                  Development (OECD)}
}






