@Article{Levitin_Bubble_2012,
  author       = {Levitin, Adam J. and Wachter, Susan M.},
  title	       = {Explaining the Housing Bubble},
  year	       = {2012},
  issn	       = {1556-5068},
  doi	       = {10.2139/ssrn.1669401},
  url	       = {http://dx.doi.org/10.2139/ssrn.1669401},
  journal      = {SSRN Electronic Journal},
  publisher    = {Elsevier BV}
}
