@Article{Pesaran_Manual_2015,
  author       = {Pesaran, M. Hashem},
  title	       = {Time Series and Panel Data Econometrics},
  year	       = {2015},
  month	       = {Oct},
  doi	       = {10.1093/acprof:oso/9780198736912.001.0001},
  url	       = {http://dx.doi.org/10.1093/acprof:oso/9780198736912.001.0001},
  isbn	       = {9780198736912},
  publisher    = {Oxford University Press}
}

@Article{Baltagi_survey_2000,
  author       = {Baltagi, Badi H. and Kao, Chihwa},
  year         = {2000},
  title	       = {Nonstationary panels, cointegration in panels and dynamic panels: A survey},
  pages	       = {7–51},
  doi	       = {10.1016/s0731-9053(00)15002-9},
  url	       = {http://dx.doi.org/10.1016/S0731-9053(00)15002-9},
  journal      = {Nonstationary Panels, Panel Cointegration, and Dynamic Panels},
  publisher    = {Emerald (MCB UP )}
}

@Article{Blundell,
  author       = {Blundell, Richard and Bond, Stephen and Windmeijer, Frank},
  year         = {2000},
  title	       = {Estimation in dynamic panel data models: Improving on the performance of the standard GMM estimator},
  pages	       = {53–91},
  issn	       = {0731-9053},
  doi	       = {10.1016/s0731-9053(00)15003-0},
  url	       = {http://dx.doi.org/10.1016/S0731-9053(00)15003-0},
  journal      = {Nonstationary Panels, Panel Cointegration, and Dynamic Panels},
  publisher    = {Emerald (MCB UP )}
}

@Article{Pedroni_FMOLS_2001,
  author       = {Pedroni, Peter},
  year         = {2001},
  title	       = {Fully modified OLS for heterogeneous cointegrated panels},
  pages	       = {93–130},
  doi	       = {10.1016/s0731-9053(00)15004-2},
  url	       = {http://dx.doi.org/10.1016/S0731-9053(00)15004-2},
  journal      = {Nonstationary Panels, Panel Cointegration, and Dynamic Panels},
  publisher    = {Emerald (MCB UP)}
}

@Article{Kao_Inference_2001,
  author       = {Kao, Chihwa and Chiang, Min-Hsien},
  year         = {2001},
  title	       = {On the estimation and inference of a cointegrated regression in panel data},
  pages	       = {179–222},
  doi	       = {10.1016/s0731-9053(00)15007-8},
  url	       = {http://dx.doi.org/10.1016/S0731-9053(00)15007-8},
  journal      = {Nonstationary Panels, Panel Cointegration, and Dynamic Panels},
  publisher    = {Emerald (MCB UP)}
}

@Article{Murray_URUN_2001,
  author       = {Murray, Christian J. and Papell, David H.},
  year         = {2001},
  title	       = {Testing for unit roots in panels in the presence of structural change with an application to OECD unemployment},
  pages	       = {223–238},
  doi	       = {10.1016/s0731-9053(00)15008-x},
  url	       = {http://dx.doi.org/10.1016/S0731-9053(00)15008-X},
  journal      = {Nonstationary Panels, Panel Cointegration, and Dynamic Panels},
  publisher    = {Emerald (MCB UP)}
}

@Article{Yin,
  author       = {Yin, Yong and Wu, Shaowen},
  year         = {2001},
  title	       = {Stationarity tests in heterogeneous panels},
  pages	       = {275–296},
  doi	       = {10.1016/s0731-9053(00)15010-8},
  url	       = {http://dx.doi.org/10.1016/S0731-9053(00)15010-8},
  journal      = {Nonstationary Panels, Panel Cointegration, and Dynamic Panels},
  publisher    = {Emerald (MCB UP)}
}

@Article{Breitung_URCointegration_2008,
  author       = {Breitung, Jörg and Pesaran, M. Hashem},
  title	       = {Unit Roots and Cointegration in Panels},
  year         = {2008},
  pages	       = {279–322},
  doi	       = {10.1007/978-3-540-75892-1_9},
  url	       = {http://dx.doi.org/10.1007/978-3-540-75892-1_9},
  journal      = {The Econometrics of Panel Data},
  publisher    = {Springer Berlin Heidelberg}
}

@Article{Balestra_Fixed_2008,
  author       = {Balestra, Pietro and Krishnakumar, Jayalakshmi},
  title	       = {Fixed Effects Models and Fixed Coefficients Models},
  year	       = {2008},
  pages	       = {23–48},
  doi	       = {10.1007/978-3-540-75892-1_2},
  url	       = {http://dx.doi.org/10.1007/978-3-540-75892-1_2},
  journal      = {The Econometrics of Panel Data},
  publisher    = {Springer Berlin Heidelberg}
}

@Article{Balazsi_Random_2017,
  author       = {Balazsi, Laszlo and Baltagi, Badi H. and Matyas,
                  Laszlo and Pus, Daria},
  title	       = {Random Effects Models},
  year	       = {2017},
  pages	       = {35–69},
  doi	       = {10.1007/978-3-319-60783-2_2},
  url	       = {http://dx.doi.org/10.1007/978-3-319-60783-2_2},
  journal      = {The Econometrics of Multi-dimensional Panels},
  publisher    = {Springer International Publishing}
}

@Article{Balazsi_Fixed_2017,
  author       = {Balazsi, Laszlo and Matyas, Laszlo and Wansbeek,
                  Tom},
  title	       = {Fixed Effects Models},
  year	       = {2017},
  pages	       = {1–34},
  doi	       = {10.1007/978-3-319-60783-2_1},
  url	       = {http://dx.doi.org/10.1007/978-3-319-60783-2_1},
  journal      = {The Econometrics of Multi-dimensional Panels},
  publisher    = {Springer International Publishing}
}

@Article{Baltagi_Mhousing_2017,
  author       = {Baltagi, Badi H. and Bresson, Georges},
  title	       = {Modelling Housing Using Multi-dimensional Panel Data},
  year	       = 2017,
  pages	       = {349–376},
  doi	       = {10.1007/978-3-319-60783-2_12},
  url	       = {http://dx.doi.org/10.1007/978-3-319-60783-2_12},
  journal      = {The Econometrics of Multi-dimensional Panels},
  publisher    = {Springer International Publishing}
}

@Article{Beck_What_1995,
  author       = {Beck, Nathaniel and Katz, Jonathan N.},
  title	       = {What To Do (and Not to Do) with Time-Series Cross-Section Data},
  year	       = {1995},
  volume       = {89},
  number       = {3},
  month	       = {Sep},
  pages	       = {634–647},
  doi	       = {10.2307/2082979},
  url	       = {http://dx.doi.org/10.2307/2082979},
  journal      = {American Political Science Review},
  publisher    = {Cambridge University Press (CUP)}
}

@Article{Dumitrescu_Granger_2012,
  author       = {Dumitrescu, Elena-Ivona and Hurlin, Christophe},
  title	       = {Testing for Granger non-causality in heterogeneous panels},
  year	       = {2012},
  volume       = {29},
  number       = {4},
  month	       = {Jul},
  pages	       = {1450–1460},
  doi	       = {10.1016/j.econmod.2012.02.014},
  url	       = {http://dx.doi.org/10.1016/j.econmod.2012.02.014},
  journal      = {Economic Modelling},
  publisher    = {Elsevier BV}
}

@Article{Burdisso_TSPanelEvolution_2016,
  author       = {Burdisso, Tamara and Sangiácomo, Máximo},
  title	       = {Panel Time Series: Review of the Methodological Evolution},
  year	       = {2016},
  volume       = {16},
  number       = {2},
  month	       = {Jun},
  pages	       = {424–442},
  issn	       = {1536-8734},
  doi	       = {10.1177/1536867x1601600210},
  url	       = {http://dx.doi.org/10.1177/1536867X1601600210},
  journal      = {The Stata Journal: Promoting communications on statistics and Stata},
  publisher    = {SAGE Publications}
}

@Article{Labra_Lillo_2018,
  author       = {Labra Lillo, Romilio and Torrecillas, Celia},
  title	       = {Estimating dynamic Panel data. A practical approach to perform long panels.},
  year	       = {2018},
  volume       = {41},
  number       = {1},
  month	       = {Jan},
  pages	       = {31–52},
  issn	       = {0120-1751},
  doi	       = {10.15446/rce.v41n1.61885},
  url	       = {http://dx.doi.org/10.15446/rce.v41n1.61885},
  journal      = {Revista Colombiana de Estadística},
  publisher    = {Universidad Nacional de Colombia}
}

@Article{Maddala_UR_1999,
  author       = {Maddala, G. S. and Wu, Shaowen},
  title	       = {A Comparative Study of Unit Root Tests with Panel Data and a New Simple Test},
  year	       = {1999},
  volume       = {61},
  number       = {S1},
  month	       = {Nov},
  pages	       = {631–652},
  doi	       = {10.1111/1468-0084.0610s1631},
  url	       = {http://dx.doi.org/10.1111/1468-0084.0610s1631},
  journal      = {Oxford Bulletin of Economics and Statistics},
  publisher    = {Wiley}
}

@Article{Goodhart_2008,
  author       = {Goodhart, C. and Hofmann, B.},
  title	       = {House prices, money, credit, and the macroeconomy},
  year	       = 2008,
  volume       = 24,
  number       = 1,
  month	       = {Mar},
  pages	       = {180–205},
  issn	       = {1460-2121},
  doi	       = {10.1093/oxrep/grn009},
  url	       = {http://dx.doi.org/10.1093/oxrep/grn009},
  journal      = {Oxford Review of Economic Policy},
  publisher    = {Oxford University Press (OUP)}
}

@Article{Hofmann_2004,
  author       = {Hofmann, Boris},
  title	       = {The Determinants of Bank Credit in Industrialized
                  Countries: Do Property Prices Matter?},
  year	       = 2004,
  volume       = 7,
  number       = 2,
  month	       = {Jul},
  pages	       = {203–234},
  issn	       = {1468-2362},
  doi	       = {10.1111/j.1367-0271.2004.00136.x},
  url	       = {http://dx.doi.org/10.1111/j.1367-0271.2004.00136.x},
  journal      = {International Finance},
  publisher    = {Wiley}
}

@Article{Bezemer_2015,
  author       = {Bezemer, Dirk and Grydaki, Maria and Zhang, Lu},
  title	       = {MORE MORTGAGES, LOWER GROWTH?},
  year	       = 2015,
  volume       = 54,
  number       = 1,
  month	       = {Oct},
  pages	       = {652–674},
  issn	       = {0095-2583},
  doi	       = {10.1111/ecin.12254},
  url	       = {http://dx.doi.org/10.1111/ecin.12254},
  journal      = {Economic Inquiry},
  publisher    = {Wiley}
}

@Article{Arestis_Credit_2014,
  author       = {Arestis, Philip and González, Ana Rosa},
  title	       = {Bank credit and the housing market in OECD
                  countries},
  year	       = 2014,
  volume       = 36,
  number       = 3,
  month	       = {Apr},
  pages	       = {467–490},
  issn	       = {0160-3477},
  doi	       = {10.2753/pke0160-3477360304},
  url	       = {http://dx.doi.org/10.2753/PKE0160-3477360304},
  journal      = {Journal of Post Keynesian Economics},
  publisher    = {Informa UK Limited}
}

@Article{Stockhammer_2018,
  author       = {Stockhammer, Engelbert and Wildauer, Rafael},
  title	       = {Expenditure Cascades, Low Interest Rates or Property
                  Booms?  Determinants of Household Debt in OECD
                  Countries},
  year	       = 2018,
  volume       = 5,
  number       = 2,
  month	       = {Sep},
  pages	       = {85–121},
  issn	       = {2326-6201},
  doi	       = {10.1561/105.00000083},
  url	       = {http://dx.doi.org/10.1561/105.00000083},
  journal      = {Review of Behavioral Economics},
  publisher    = {Now Publishers}
}



@Article{Zinman_2015,
  author       = {Zinman, Jonathan},
  title	       = {Household Debt: Facts, Puzzles, Theories, and
                  Policies},
  year	       = 2015,
  volume       = 7,
  number       = 1,
  month	       = {Aug},
  pages	       = {251–276},
  issn	       = {1941-1391},
  doi	       = {10.1146/annurev-economics-080614-115640},
  url	       =
                  {http://dx.doi.org/10.1146/annurev-economics-080614-115640},
  journal      = {Annual Review of Economics},
  publisher    = {Annual Reviews}
}



@Article{Aroul_2020,
  author       = {Aroul, Ramya Rajajagadeesan and Sabherwal, Sanjiv
                  and Saydometov, Sergiy},
  title	       = {FEAR Index , city characteristics, and housing
                  returns},
  year	       = {2020},
  month	       = {Sep},
  issn	       = {1540-6229},
  doi	       = {10.1111/1540-6229.12335},
  url	       = {http://dx.doi.org/10.1111/1540-6229.12335},
  journal      = {Real Estate Economics},
  publisher    = {Wiley}
}

@Article{Arestis_2014,
  author       = {Arestis, Philip and González-Martínez, Ana Rosa},
  title	       = {Residential Construction Activity in OECD Economies},
  year	       = 2014,
  volume       = 83,
  number       = 4,
  month	       = {Jun},
  pages	       = {451–474},
  issn	       = {1463-6786},
  doi	       = {10.1111/manc.12072},
  url	       = {http://dx.doi.org/10.1111/manc.12072},
  journal      = {The Manchester School},
  publisher    = {Wiley}
}

@Article{Kaplan_2017,
  author       = {Kaplan, Greg and Mitman, Kurt and Violante,
                  Giovanni},
  title	       = {The Housing Boom and Bust: Model Meets Evidence},
  year	       = 2017,
  month	       = {Aug},
  doi	       = {10.3386/w23694},
  url	       = {http://dx.doi.org/10.3386/w23694},
  publisher    = {National Bureau of Economic Research}
}

@Article{Case_2010,
  author       = {Case, Karl E. and Quigley, John M.},
  title	       = {How Housing Busts End: Home Prices, User Cost, and Rigidities During Down Cycles},
  year	       = {2010},
  month	       = {Apr},
  pages	       = {459–480},
  doi	       = {10.1002/9781444317978.ch19},
  url	       = {http://dx.doi.org/10.1002/9781444317978.ch19},
  isbn	       = 9781405192156,
  journal      = {The Blackwell Companion to the Economics of Housing},
  publisher    = {Wiley-Blackwell}
}

@Article{Green_1997,
  author       = {Green, Richard K.},
  title	       = {Follow the Leader: How Changes in Residential and
                  Non-residential Investment Predict Changes in GDP},
  year	       = 1997,
  volume       = 25,
  number       = 2,
  month	       = {Jun},
  pages	       = {253–270},
  issn	       = {1540-6229},
  doi	       = {10.1111/1540-6229.00714},
  url	       = {http://dx.doi.org/10.1111/1540-6229.00714},
  journal      = {Real Estate Economics},
  publisher    = {Wiley}
}

@Article{Blanchard,
  author       = {Blanchard, Pierre},
  title	       = {Software Review},
  pages	       = {907–950},
  doi	       = {10.1007/978-3-540-75892-1_26},
  url	       = {http://dx.doi.org/10.1007/978-3-540-75892-1_26},
  isbn	       = 9783540758921,
  journal      = {The Econometrics of Panel Data},
  publisher    = {Springer Berlin Heidelberg}
}


